@Article{bib:Survey_Chrisochoides05,
 author    = {N. Chrisochoides},
 title     = {A survey of parallel mesh generation methods},
 publisher = {Brown University, Providence},
 year      = {2005},
}


@Article{bib:ANDRA08,
 author    = {ANDRÄ, Heiko et al.},
 title     = {Automatic parallel generation of tetrahedral grids by using a domain decomposition approach},
 journal = {Computational Mathematics and Mathematical Physics},
 volume  = {48},
 number  = {8}, 
 pages     = {1367-1375},
 year      = {2008},
 }


@Article{bib:CHEN12,
 author    = {CHEN, Jianjun et al.},
 title     = {Improvements in the reliability and element quality of parallel tetrahedral mesh generation},
 journal = {International Journal for Numerical Methods in Engineering},
 volume  = {92},
 number  = {8}, 
 pages     = {671-693},
 year      = {2012},
 }


 @Article{bib:GAITHER96,
 author    = {GAITHER, Adam et al.},
 title     = {A paradigm for parallel unstructured grid generation},
 journal = {Numerical Grid Generation in Computational Field Simulations},
 pages     = {731-740},
 year      = {1996},
 }

  
 @Article{bib:VIDWANS94,
 author    = {VIDWANS, A.; KALLINDERIS, Y.; VENKATAKRISHNAN, V},
 title     = {Parallel dynamic load-balancing algorithm for three-dimensional adaptive unstructured grids},
 journal = {AIAA},
 volume  = {32},
 number  = {3}, 
 pages     = {497-505},
 year      = {1994},
 } 


@Article{bib:BLELLOCH99,
 author    = {BLELLOCH, Guy E. et al.},
 title     = {Design and implementation of a practical parallel Delaunay algorithm},
 journal = {Algorithmica},
 volume  = {24},
 number  = {3-4}, 
 pages     = {243-269},
 year      = {1999},
 }  
 

@Article{bib:SAID99,
 author    = {SAID, R. et al.},
 title     = {Distributed parallel Delaunay mesh generation},
 journal = {Computer methods in applied mechanics and engineering},
 volume  = {177},
 number  = {1}, 
 pages     = {109-125},
 year      = {1999},
 }

 
 @Article{bib:BARNARD94,
 author    = {BARNARD, Stephen T.; SIMON, Horst D},
 title     = {Fast multilevel implementation of recursive spectral bisection for partitioning unstructured problems},
 journal = {Concurrency: Practice and Experience},
 volume  = {6},
 number  = {2}, 
 pages     = {101-117},
 year      = {1994},
 }

 @Article{bib:JURCZYK07,
 author    = {JURCZYK, Tomasz; GŁUT, Barbara; BREITKOPF, Piotr},
 title     = {Parallel 3D Mesh Generation using Geometry Decomposition},
 journal = {Numerical Methods in Industrial Forming Processes},
 pages     = {1579-1584},
 year      = {2007},
 }

 
 @Article{bib:WU96,
 author    = {WU, Poting; HOUSTIS, Elias N.},
 title     = {Parallel adaptive mesh generation and decomposition},
 journal = {Concurrency: Practice and Experience},
 volume  = {12},
 number  = {3-4}, 
 pages     = {155-167},
 year      = {1996},
 } 
 

 @Article{bib:LOHNER14,
 author    = {LOHNER, Rainald},
 title     = {Recent advances in parallel advancing front grid generation},
 journal = {Archives of Computational Methods in Engineering},
 volume  = {21},
 number  = {2}, 
 pages     = {127-140},
 year      = {2014},
 } 

 
 @Article{bib:GALTIER96,
 author    = {GALTIER, Jérôme; GEORGE, Paul Louis},
 title     = {Prepartitioning as a way to mesh subdomains in parallel},
 journal = {International Meshing Roundtable},
 year      = {1996},
 }  
 

 @Article{bib:ZHENG09,
 author    = {ZHENG, Yao; CHEN, Jianjun},
 title     = {Unstructured mesh generation and its parallelization},
 journal = {Computational Mechanics},
 pages     = {22-35},
 year      = {2009},
 }  

 
@Article{bib:BANK05,
 author    = {BANK, Randolph E.; LU, Shaoying},
 title     = {A domain decomposition solver for a parallel adaptive meshing paradigm},
 journal = {SIAM journal on scientific computing},
 volume  = {26},
 number  = {1}, 
 pages     = {105-127},
 year      = {2005},
 }  

 
@Article{bib:NIKISHKOV99,
 author    = {NIKISHKOV, G. P. et al.},
 title     = {An algorithm for domain partitioning with load balancing},
 journal = {Engineering Computations},
 volume  = {16},
 number  = {1}, 
 pages     = {120-135},
 year      = {1999},
 }   
 
 
@Article{bib:FARHAT88,
 author    = {FARHAT, Charbel},
 title     = {A simple and efficient automatic FEM domain decomposer},
 journal = {Computers and Structures},
 volume  = {28},
 number  = {5}, 
 pages     = {579-602},
 year      = {1988},
 }   
 
 
@Article{bib:CHARMPIS05,
 author    = {CHARMPIS, Dimos C.; PAPADRAKAKIS, Manolis},
 title     = {Generation of balanced subdomain clusters with minimum interface for distributed domain decomposition applications},
 journal = {Domain Decomposition Methods in Science and Engineering},
 pages     = {555-562},
 year      = {2005},
 }

 
@Article{bib:PANITANARAK11,
 author    = {PANITANARAK, Thap; SHONTZ, Suzanne M.},
 title     = {MDEC: MeTiS-based Domain Decomposition for Parallel 2D Mesh Generation},
 journal = {Procedia Computer Science},
 volume  = {4},
 pages     = {302-311},
 year      = {2011},
 } 

 
@Article{bib:SIMON91,
 author    = {SIMON, Horst D.},
 title     = {Partitioning of unstructured problems for parallel processing},
 journal = {Computing Systems in Engineering},
 volume  = {2},
 number  = {2}, 
 pages     = {135-148},
 year      = {1991},
 }  


 
%--------------------------------------------------------------------------------------------- 
 


@Book{bib:Triangulations_applications,
 author    = {Morten Dæhlen and Øyvind Hjelle},
 title     = {Triangulations and Applications},
 publisher = {Springer},
 year      = {2006}
}


@Article{bib:MFreitas13,
 author    = {Freitas, M. O. and Wawrzynek, P. A. and Cavalcante-Neto, J. B. and Vidal, C. A. and Martha, L. F. and Ingraffea, A. R. },
 title     = {A distributed-memory parallel technique for two-dimensional mesh generation for arbitrary domains},
 journal   = {Advances in Engineering Software},
 volume    = {59},
 pages     = {38-52},
 year      = {2013},
 doi       = {10.1016/j.advengsoft.2013.03.005.}
}


@incollection{bib:Shewchuk96b,
author = {Jonathan Richard Shewchuk},
title = {Triangle:  {E}ngineering a {2D} {Q}uality {M}esh {G}enerator and {D}elaunay {T}riangulator},
booktitle = {Applied Computational Geometry:  Towards Geometric Engineering},
editor = {Ming C. Lin and Dinesh Manocha},
series = {Lecture Notes in Computer Science},
volume = 1148,
publisher = {Springer-Verlag},
pages = {203--222},
month = may,
year = 1996,
note = {From the First ACM Workshop on Applied Computational Geometry}
}


@TechReport{bib:RepMarkos13,
author	= {Markos de Oliveira Freitas and Joaquim Bento Cavalcante-Neto and Creto Augusto Vidal},
title	= {Parallel generation of meshes with cracks using a binary espacial decomposision},
year    = {2014},
institurion = {UFC - Federal University of Ceará}
}

@Article{bib:Leonidas06,
 author    = {LEONIDAS LINARDAKIS AND NIKOS CHRISOCHOIDES},
 title     = {DELAUNAY DECOUPLING METHOD FOR PARALLEL GUARANTEED QUALITY PLANAR MESH REFINEMENT},
 journal = {SIAM Journal on Scientific Computing},
 volume  = {27},
 number  = {4}, 
 pages     = {1394–1423},
 year      = {2006},
 doi     = {10.1137/030602812}
}

@Article{bib:Glut08,
 author    = {B. Glut and T. Jurczyk},
 title     = {Domain Decomposition Techniques for Parallel Generation of Tetrahedral Meshes},
 journal = {Springer-Verlag Berlin Heidelberg},
 pages     = {641–650},
 year      = {2008}
}

@MASTERSTHESIS{bib:Freitas10,
AUTHOR = {Freitas, M. O.},
TITLE = {Gera\c c\~ao em Paralelo de Malhas Triangulares por Avan\c{c}o de Fronteira com Particionamento por Decomposi\c c\~ao Espacial Recursiva},
SCHOOL = {UNIVERSIDADE FEDERAL DO CEAR\'A},
YEAR = {2010},
type = {Mestrado}
}

@Article{bib:Lo12,
 author    = {S.H. Lo},
 title     = {Parallel Delaunay triangulation — Application to two dimensions},
 journal = {Finite Elements in Analysis and Design},
 pages     = {37–48},
 year      = {2012}
}






@InProceedings{bib:Persson04,
 author    = {P. O. Persson},
 title     = {{PDE}-Based Gradient Limiting for Mesh Size Functions},
 booktitle = {Proceedings of the 13th International Meshing Roundtable},
 pages     = {377-387},
 year      = {2004},
 publisher = {Sandia National Laboratory}
}

@InProceedings{bib:Pebay07,
 author    = {P. P. P\'ebay and M. B. Stephenson and L. A. Fortier and S. J. Owen, and D. J. Melander},
 title     = {p{CAMAL}: An Embarrassingly Parallel Hexahedral Mesh Generator},
 booktitle = {Proceedings of the 16th International Meshing Roundtable},
 year      = {2007},
 address   = {Washington, United States},
 publisher = {Sandia National Laboratory}
}

@InProceedings{bib:Chernikov05,
 author    = {A. Chernikov and N. Chrisochoides},
 title     = {Parallel 2{D} Graded Guaranteed Quality {D}elaunay Mesh Refinement},
 booktitle = {Proceedings of the 14th International Meshing Roundtable},
 year      = {2005},
 publisher = {Sandia National Laboratory}
}

@InProceedings{bib:Ruppert99,
 author    = {J. Ruppert},
 title     = {A New and Simple Algorithm for Quality 2-Dimensional Mesh Generation},
 booktitle = {Proceedings of the fourth annual ACM-SIAM Symposium on Discrete Algorithms},
 pages     = {83-62},
 publisher = {SIAM - Society for Industrial and Applied Mathematics},
 year      = {1999},
 address   = {Texas, United States}
}

@InProceedings{bib:Miranda99,
 author    = {A. C. O. Miranda and J. B. Cavalcante-Neto and L. F. Martha},
 title     = {An Algorithm for Two-Dimensional Mesh Generation for Arbitrary Regions with Cracks},
 booktitle = {SIBGRAPI '99: Proceedings of the XII Brazilian Symposium on Computer Graphics and Image Processing},
 pages     = {29-38},
 publisher = {IEEE Computer Society},
 year      = {1999},
}

@InProceedings{bib:Teng93,
 author    = {Y. A. Teng and F. Sullivan and I. Beichl and E. Puppo},
 title     = {A Data-Parallel Algorithm for Three-Dimensional {D}elaunay Triangulation and its Implementation},
 booktitle = {Proceedings of the 1993 Conference on High Performance Network and Computing},
 pages     = {112-121},
 publisher = {Association for Computing Machinery},
 year      = {1993},
 address   = {Oregon, United States}
}

@InProceedings{bib:Okusanya96,
 author    = {T. Okusanya and J. Peraire},
 title     = {Parallel Unstructured Mesh Generation},
 booktitle = {Proceedings of the 5th International Conference on Numerical Grid Generation in Computational Fluid Dynamics and Related Fields},
 pages     = {719-729},
 year      = {1996},
 publisher = {Mississippi State University}
}

@InProceedings{bib:Zagaris09,
 author    = {G. Zagaris and S. Z. Pirzadeh and N. Chrisochoides},
 title     = {A Framework for Parallel Unstructured Grid Generation for Practical Aerodynamic Simulations},
 booktitle = {Proceedings of the 47th AIAA Aerospace Sciences Meeting},
 year      = {2009},
 publisher = {AIAA - American Institute of Aeronautics and Astronautics}
}

@InProceedings{bib:Pirzadeh09,
 author    = {S. Z. Pirzadeh and G. Zagaris},
 title     = {Domain Decomposition by the Advancing-Partition Method for Parallel Unstructured Grid Generation},
 booktitle = {Proceedings of the 47th AIAA Aerospace Sciences Meeting},
 year      = {2009},
 publisher = {AIAA - American Institute of Aeronautics and Astronautics}
}

@InProceedings{bib:Owen98,
 author    = {S. J. Owen},
 title     = {A Survey of Unstructured Mesh Generation Technology},
 booktitle = {Proceedings of the 7th International Meshing Roundtable},
 pages     = {239-267},
 year      = {1998},
 address   = {Michigan, United States},
 publisher = {Sandia National Laboratory}
}

@Article{bib:Chrisochoides05,
 author    = {N. Chrisochoides},
 title     = {Parallel Mesh Generation},
 journal   = {Numerical Solution of Partial Differential Equations on Parallel Computers},
 volume    = {51},
 publisher = {Springer-Verlag},
 pages     = {237-259},
 year      = {2005},
}

@Article{bib:Rivara06,
 author    = {M. C. Rivara and C. Calderon and A. Fedorov and N. Chrisochoides},
 title     = {Parallel decoupled terminal-edge bisection method for 3{D} mesh generation},
 journal   = {Engineering with Computers},
 volume    = {22},
 pages     = {111-119},
 year      = {2006},
 doi       = {10.1007/s00366-006-0013-2}
}

@Article{bib:Phongthanapanich04,
 author  = {S. Phongthanapanich and P. Dechaumphai},
 title   = {Adaptive {D}elaunay Triangulation with Object-Oriented Programming for Crack Propagation Analysis},
 journal = {Finite Element Analysis and Design},
 volume  = {40},
 number  = {13-14},
 pages   = {1753-1771},
 year    = {2004}
}

@Article{bib:Lohner01,
 author  = {R. L{\"o}hner},
 title   = {A Parallel Advancing Front Grid Generation Scheme},
 journal = {International Journal for Numerical Methods in Engineering},
 volume  = {51},
 number  = {6},
 pages   = {663-678},
 year    = {2001},
 doi     = {10.1002/nme.175}
}

@Article{bib:Cavalcante-Neto01,
 author  = {J. B. Cavalcante-Neto and P. A. Wawrzynek and M. T. M. Carvalho and L. F. Martha and A. R. Ingraffea},
 title   = {An Algorithm for Three-Dimensional Mesh Generation for Arbitrary Regions with Cracks},
 journal = {Engineering with Computers},
 volume  = {17},
 number  = {1},
 pages   = {75-91},
 year    = {2001},
 doi     = {10.1007/PL00007196}
}

@Article{bib:Yoshimura99,
 author  = {S. Yoshimura and Y. Wada and G. Yagawa},
 title   = {Automatic Mesh Generation of Quadrilateral Elements using Intelligent Local Approach},
 journal = {Computer Methods in Applied Mechanics and Engineering},
 volume  = {179},
 number  = {1},
 pages   = {125-138},
 year    = {1999}
}

@Article{bib:Flynn72,
 author  = {M. J. Flynn},
 title   = {Some Computer Organizations and Their Effectiveness},
 journal = {IEEE Transactions on Computers},
 volume  = {21},
 number  = {9},
 pages   = {948-960},
 year    = {1972},
}

@Article{bib:ElGindy86,
 author  = {H. ElGindy},
 title   = {An Optimal Speed-up Parallel Algorithm for Triangulating Simplicial Point Sets in Space},
 journal = {International Journal of Parallel Programming},
 volume  = {15},
 number  = {5},
 pages   = {389-398},
 year    = {1986},
}

@Article{bib:Merks86,
 author  = {E. Merks},
 title   = {An Optimal Parallel Algorithm for Triangulating a Set of Points in the Plane},
 journal = {International Journal of Parallel Programming},
 volume  = {15},
 number  = {5},
 pages   = {399-411},
 year    = {1986},
}

@Article{bib:Globisch95,
 author  = {G. Globisch},
 title   = {{PARMESH} – {A} Parallel Mesh Generator},
 journal = {Parallel Computing},
 volume  = {25},
 pages   = {509-524},
 year    = {1995},
}

@Article{bib:Hodgson96,
 author  = {D. C. Hodgson and P. K. Jimack},
 title   = {Efficient Parallel Generation of Partitioned, Unstructured Meshes},
 journal = {Advances in Engineering Software},
 volume  = {27},
 number  = {1-2},
 pages   = {59-70},
 year    = {1996},
 doi     = {10.1016/0965-9978(96)00008-7}
}

@Article{bib:Wilson98,
 author  = {J. K. Wilson and B. H. V. Topping},
 title   = {Parallel Adaptive Tetrahedral Mesh Generation by the Advancing Front Technique},
 journal = {Computers {\&} Structures},
 volume  = {68},
 number  = {1-3},
 pages   = {57-78},
 year    = {1998},
 doi     = {10.1016/S0045-7949(98)00042-X}
}

@Article{bib:Oliker98,
 author  = {L. Oliker and R. Biswas},
 title   = {{PLUM}: {P}arallel Load Balancing for Adaptive Unstructured Meshes},
 journal = {Journal of Parallel and Distributed Computing},
 volume  = {52},
 number  = {2},
 pages   = {150-177},
 year    = {1998},
}

@Article{bib:deCougny99,
 author  = {H. L. deCougny and M. S. Shephard},
 title   = {Parallel Volume Meshing Using Face Removals and Hierarchical Repartitioning},
 journal = {Computer Methods in Applied Mechanics and Engineering},
 volume  = {174},
 number  = {3-4},
 pages   = {275-298},
 year    = {1999},
 doi     = {10.1016/S0045-7825(98)00300-4}
}

@Article{bib:Minyard00,
 author  = {T. Minyard and Y. Kallinderis},
 title   = {Parallel Load Balancing for Dynamic Execution Environments},
 journal = {Computer Methods in Applied Mechanics and Engineering},
 volume  = {189},
 number  = {4},
 pages   = {1295-1309},
 year    = {2000},
}

@Article{bib:Lammer00,
 author  = {L. L{\"a}mmer and M. Burghardt},
 title   = {Parallel Generation of Triangular and Quadrilateral Meshes},
 journal = {Advances in Engineering Software},
 volume  = {31},
 number  = {12},
 pages   = {929-936},
 year    = {2000},
 doi     = {10.1016/S0965-9978(00)00068-5}
}

@Article{bib:Jones00,
 author  = {M. T. Jones and P. E. Plassman},
 title   = {Unstructured Mesh Computations on Networks of Workstations},
 journal = {Computer-Aided Civil and Infrastructure Engineering},
 volume  = {15},
 number  = {3},
 pages   = {196-208},
 year    = {2000},
}

@Article{bib:Chrisochoides00,
 author  = {N. Chrisochoides and D. Nave},
 title   = {Simultaneous Mesh Generation and Partitioning for {D}elaunay Meshes},
 journal = {Mathematics and Computers in Simulation},
 volume  = {54},
 number  = {4-5},
 pages   = {321-339},
 year    = {2000},
}

@Article{bib:Biswas00,
 author  = {R. Biswas and S. K. Das and D. J. Harvey and L. Oliker},
 title   = {Parallel Dynamic Load Balancing Strategies for Adaptive Irregular Applications},
 journal = {Applied Mathematical Modelling},
 volume  = {25},
 number  = {2},
 pages   = {109-122},
 year    = {2000},
}

@Article{bib:Das01,
 author  = {S. K. Das and D. J. Harvey and R. Biswas},
 title   = {Parallel Processing of Adaptive Meshes with Load Balancing},
 journal = {IEEE Transactions on Parallel and Distributed Systems},
 volume  = {12},
 number  = {12},
 pages   = {1269-1280},
 year    = {2001},
}

@Article{bib:Barker04,
 author  = {K. Barker and A. Chernikov and N. Chrisochoides and K. Pingali},
 title   = {A Load Balancing Framework for Adaptive and Asynchronous Applications},
 journal = {IEEE Transactions on Parallel and Distributed Systems},
 volume  = {15},
 number  = {2},
 pages   = {183-192},
 year    = {2004},
}

@Article{bib:Kohout05,
 author  = {J. Kohout and I. Kolingerov{\'a} and J. {\v Z}{\'a}ra},
 title   = {Parallel {D}elaunay Triangulation in {E}$^2$ and {E}$^3$ for Computers with Shared Memory},
 journal = {Parallel Computing},
 volume  = {31},
 number  = {5},
 pages   = {491-522},
 year    = {2005},
 doi     = {10.1016/j.parco.2005.02.010}
}

@Article{bib:Lawlor06,
 author  = {O. S. Lawlor and S. Chakravorty and T. L. Wilmarth and N. Choudhury and I. Dooley and G. Zheng and L. V. Kal{\'e}},
 title   = {Par{FUM}: {A} Parallel Framework for Unstructured Meshes for Scalable Dynamic Physics Applications},
 journal = {Engineering with Computers},
 volume  = {22},
 number  = {3-4},
 pages   = {215-235},
 year    = {2006},
}

@Article{bib:Chernikov06,
 author  = {A. N. Chernikov and N. P. Chrisochoides},
 title   = {Parallel Guaranteed Quality {D}elaunay Uniform Mesh Refinement},
 journal = {SIAM Journal on Scientific Computing},
 volume  = {28},
 number  = {5},
 pages   = {1907-1926},
 year    = {2006},
 doi     = {10.1137/050625886}
}

@Article{bib:Ito07,
 author  = {Y. Ito and A. M. Shih and A. K. Erukala and B. K. Soni and A. Chernikov and N. P. Chrisochoides and K. Nakahashi},
 title   = {Parallel Unstructured Mesh Generation by an Advancing Front Method},
 journal = {Mathematics and Computers in Simulation},
 volume  = {75},
 number  = {5-6},
 pages   = {200-209},
 year    = {2007},
 doi     = {10.1016/j.matcom.2006.12.008}
}

@Book{bib:Preparata91,
 author    = {F. P. Preparata and M. I. Shamos},
 title     = {Computational Geometry: An Introduction},
 publisher = {Springer-Verlag},
 year      = {1991},
 edition   = {2nd},
}

@Book{bib:Carvalho91,
 author    = {P. C. P. Carvalho and L. H. de Figueiredo},
 title     = {Introdu\c c\~ao \`a Geometria Computacional},
 publisher = {18º Col\'oquio Brasileiro de Matem\'atica, IMPA - Instituto Nacional de Matem\'atica Pura e Aplicada},
 year      = {1991},
 edition   = {1st},
}

@Book{bib:Andrews91,
 author    = {G. R. Andrews},
 title     = {Concurrent Programming - Principles and Practice},
 publisher = {Addison-Wesley},
 year      = {1991},
 edition   = {1st},
}

@Book{bib:deBerg00,
 author    = {M. de Berg and M. van Kreveld and M. Overmars and O. Schwarzkpof},
 title     = {Computational Geometry: Algorithms and Applications},
 publisher = {Springer-Verlag},
 year      = {2000},
 edition   = {2nd},
}

@Book{bib:Frey00,
 author    = {P. J. Frey and P. L. George},
 title     = {Mesh Generation - Application to Finite Elements},
 publisher = {ISTE Publishing Company},
 year      = {2000},
 edition   = {1st},
}

@Book{bib:Ben-Ari06,
 author    = {M. Ben-Ari},
 title     = {Principles of Concurrent and Distributed Programming},
 publisher = {Addison-Wesley},
 year      = {2006},
 edition   = {2nd},
}

@Book{bib:Hjelle06,
 author    = {{\O}. Hjelle and M. D{\ae }hlen},
 title     = {Triangulation and Applications - Mathematics and Visualizations},
 publisher = {Springer},
 year      = {2006},
 edition   = {1st},
}

@Book{bib:Edelsbrunner06,
 author    = {H. Edelsbrunner},
 title     = {Geometry and Topology for Mesh Generation},
 publisher = {Cambridge University Press},
 year      = {2006},
 edition   = {1st},
}

@Book{bib:Golub96,
 author    = {G. H. Golub and C. F. Van Loan},
 title     = {Matrix Computations},
 publisher = {The Johns Hopkins University Press},
 year      = {1996},
 edition   = {3rd},
}

@Book{bib:Hearn96,
 author    = {D. Hearn and M. P. Baker},
 title     = {Computer Graphics - C Version},
 publisher = {Prentice Hall},
 year      = {1996},
 edition   = {2nd},
}

@Book{bib:Angel08,
 author    = {E. Angel},
 title     = {Interactive Computer Graphics - A Top-Down Approach Using {O}pen{GL}},
 publisher = {Addison Wesley},
 year      = {2008},
 edition   = {5th},
}

@Book{bib:Grama03,
 author    = {A. Grama and A. Gupta and G. Karypis and V. Kumar},
 title     = {Introduction to Parallel Computing},
 publisher = {Addison Wesley},
 year      = {2003},
 edition   = {2nd},
}

@Book{bib:George98,
 author    = {P. L. George and H. Borouchaki},
 title     = {Delaunay Triangulation and Meshing - Application to Finite Elements},
 publisher = {Hermes},
 year      = {1998},
}

@Book{bib:Segerlind84,
 author    = {L. J. Segerlind},
 title     = {Applied Finite Element Analysis},
 publisher = {John Wiley and Sons},
 year      = {1984},
 edition   = {2nd},
}

@Book{bib:RedBook,
 author    = {D. Shreiner and M. Woo and J. Neider and T. Davis},
 title     = {{O}pen{GL} Programming Guide},
 publisher = {Addison-Wesley},
 year      = {2007},
 edition   = {6th},
}

@Book{bib:Farrashkhalvat03,
 author    = {M. Farrashkhalvat and J. P. Miles},
 title     = {Basic Structured Grid Generation - With an Introduction to Unstructured Grid Generation},
 publisher = {Butterworth-Heinemann},
 year      = {2003},
 edition   = {1st},
}

@MastersThesis{bib:Cavalcante-Neto94,
 author = {J. B. Cavalcante-Neto},
 title  = {Simula\c c\~ao Auto-Adaptativa Baseada em Enumera\c c\~ao Espacial Recursiva de Modelos Bidimensionais de Elementos Finitos},
 school = {Pontif\'icia Universidade Cat\'olica do Rio de Janeiro},
 year   = {1994},
}

@PhdThesis{bib:Cavalcante-Neto98,
 author = {J. B. Cavalcante-Neto},
 title  = {Gera\c c\~ao de Malha e Estimativa de Erro para Modelos Tridimensionais de Elementos Finitos com Trincas},
 school = {Pontif\'icia Universidade Cat\'olica do Rio de Janeiro},
 year   = {1998},
}

@PhdThesis{bib:Shewchuck97,
 author = {J. R. Shewchuk},
 title  = {Delaunay Refinement Mesh Generation},
 school = {School of Computer Science, Carnegie Mellon University},
 year   = {1997},
}

@PhdThesis{bib:Moretti01,
 author = {C. O. Moretti},
 title  = {Um Sistema Computacional Paralelo Aplicado \`a Simula\c c\~ao de Propaga\c c\~ao Tridimensional de Fraturas},
 school = {Escola Polit\'ecnica da Universidade de S\~ao Paulo},
 year   = {2001},
}

@Unpublished{bib:openmp,
 author = {{OpenMP Architecture Review Board}},
 title  = {The {O}pen{MP} {API} Specification for Parallel Programming},
 url    = {http://www.openmp.org},
}

@Unpublished{bib:mpi,
 author = {{MPI Forum}},
 title  = {The Message Passing Interface ({MPI}) Standard},
 url    = {http://www.mcs.anl.gov/research/projects/mpi},
}

@Unpublished{bib:opengl,
 author = {{SGI - Silicon Graphics International}},
 title  = {{O}pen{GL} - The Industry's Foundation for High Performance Graphics},
 url    = {http://www.opengl.org},
}

@Unpublished{bib:wxwidgets,
 author = {{wxTeam}},
 title  = {wx{W}idgets - Cross-Platform {GUI} Library},
 url    = {http://www.wxwidgets.org},
}

@Manual{bib:Karypis98,
 title        = {METIS: A Software Package for Partitioning Unstructured Graphs, Partitioning Meshes, and Computing Fill-Reducing Orderings of Sparse Matrices, Version 4.0},
 author       = {George Karypis and Vipin Kumar},
 organization = {University of Minnesota},
 month        = {September},
 year         = {1998},
}

@Manual{bib:Karypis11,
 title        = {ParMETIS: Parallel Graph Partitioning and Sparse Matrix Ordering Library, Version 3.2},
 author       = {George Karypis and Kirk Schloegel and Vipin Kumar},
 organization = {University of Minnesota},
 month        = {April},
 year         = {2011},
}

@InProceedings{bib:Spear10,
 author    = {A. D. Spear and M. G. Veilleux and J. E. Bozek and A. R. Ingraffea},
 title     = {Structural Assessment and Prognosis Using a Multi-Scale, Fracture Mechanics-Based Approach},
 booktitle = {Proceedings of the 2010 Aircraft Airworthiness and Sustainment Conference},
 year      = {2010},
 address   = {Texas, United States},
}

@Manual{bib:Wawrzynek93,
 title  = {FRANC2D - A Two-Dimensional Crack Propagation Simulator - User's guide - Version 3.1},
 author = {P. A. Wawrzynek and A. R. Ingraffea},
 year   = {1993},
}

@Article{bib:Miranda03,
 author    = {A. C. O. Miranda and M. A. Meggiolaro and J. T. P. Castro and L. F. Martha and T. N. Bittencourt},
 title     = {Fatigue Life and Crack Path Predictions in Generic 2{D} Structural Components},
 journal   = {Engineering Fracture Mechanics},
 volume    = {70},
 pages     = {1259-1279},
 year      = {2003},
}

@Article{bib:Lohner88,
 author    = {R. L{\"o}hner and P. Parikh},
 title     = {Generation of Three-Dimensional Unstructured Grids by the Advancing-Front Method},
 journal   = {International Journal for Numerical Methods in Fluids},
 volume    = {8},
 pages     = {1135-1149},
 year      = {1988},
}

@Article{bib:Larwood03,
 author    = {B. G. Larwood and N. P. Weatherill and O. Hassan and K. Morgan},
 title     = {Domain Decomposition Approach for Parallel Unstructured Mesh Generation},
 journal   = {International Journal for Numerical Methods in Engineering},
 volume    = {58},
 pages     = {177-188},
 year      = {2003},
 doi       = {10.1002/nme.769},
}

@Article{bib:Ivanov06,
 author    = {E. Ivanov and H. Andr{\"a} and A. N. Kudryavtsev},
 title     = {Domain Decomposition Approach for Automatic Parallel Generation of Tetrahedral Grids},
 journal   = {Computational Methods in Applied Mathematics},
 volume    = {6},
 number    = {2},
 pages     = {178-193},
 year      = {2006},
}

@Article{bib:Miranda09,
 author    = {Antonio Carlos de Oliveira Miranda and Luiz Fernando Martha and Paul Andrew Wawrzynek and Anthony R. Ingraffea},
 title     = {Surface Mesh Regeneration Considering Curvatures},
 journal   = {Engineering with Computers},
 volume    = {25},
 number    = {2},
 pages     = {207-219},
 year      = {2009},
 doi       = {10.1007/s00366-008-0119-9},
 issn      = {0177-0667},
 publisher = {Springer-Verlag London Limited}
}

@Article{bib:Cavalcante-Neto05,
 author    = {Joaquim Bento Cavalcante-Neto and Luiz Fernando Martha and Paul Andrew Wawrzynek and Anthony R. Ingraffea},
 title     = {A Back-tracking Procedure for Optimization of Simplex Meshes},
 journal   = {Communications in Numerical Methods in Engineering},
 volume    = {21},
 number    = {12},
 pages     = {711-722},
 year      = {2005},
 doi       = {10.1002/cnm.786},
 issn      = {1069-8299}
}
